
@article{Yardibi,
  author =       "T. Yardibi and J. Li and P. Stoica and M. Xue and A. Baggeroer",
  title =        "Source localization and sensing: A nonparametric iterative adaptive approach based on weighted least squares",
  journal =      "Aerospace and Electronic Systems, IEEE Transactions",
  volume =       "46",
  number =       "1",
  pages =        "425--443",
  year =         "2010"
} 

@article{Synnevag_adaptive,
  author =       "J.-F. Synnevåg and A. Austeng and S. Holm",
  title =        "Adaptive beamforming applied to medical ultrasound imaging",
  journal =      "Ultrasonics, Ferroelectrics, and Frequency Control, IEEE Transactions",
  volume =       "56",
  number =       "9",
  pages =        "1606--1613",
  year =         "2007",
  DOI =          "http://dx.doi.org/10.1002/andp.19053221004"
}

@article{Synnevag_Benefits,
  author =       "J.-F. Synnevåg and A. Austeng and S. Holm",
  title =        "Benefits of minimum-variance beamforming in medical ultrasound imaging",
  journal =      "Ultrasonics, Ferroelectrics, and Frequency Control, IEEE Transactions",
  volume =       "56",
  number =       "9",
  pages =        "1868--1879",
  year =         "2009"
} 

@article{Vignon_Focused,
  author =       "F. Vignon and M. Burcher",
  title =        "Capon beamforming in medical ultrasound imaging with focused beams",
  journal =      "Ultrasonics, Ferroelectrics, and Frequency Control, IEEE Transactions",
  volume =       "55",
  number =       "3",
  pages =        "619--628",
  year =         "2008"
} 

@article{Synnevag_low_complexity,
  author =       "J.-F. Synnevåg and A. Austeng and S. Holm",
  title =        "A low-complexity data-dependent beamformer",
  journal =      "Ultrasonics, Ferroelectrics, and Frequency Control, IEEE Transactions",
  volume =       "58",
  number =       "2",
  year =         "2011"
} 

@article{Jensen_multibeam,
  author =       "A.C. Jensen and A. Austeng",
  title =        "An approach to multibeam covariance matrices for adaptive beamforming in ultrasonography",
  journal =      "Ultrasonics, Ferroelectrics, and Frequency Control, IEEE Transactions",
  volume =       "59",
  number =       "6",
  pages =        "1139--1148",
  year =         "2012"
} 

@article{Asen_shift_invariance,
  author =       "JP. Åsen and A. Austeng and S. Holm",
  title =        "Capon beamforming and moving objects--an analysis of lateral shift-invariance",
  journal =      "Ultrasonics, Ferroelectrics, and Frequency Control, IEEE Transactions",
  volume =       "61",
  number =       "7",
  pages =        "1152--1160",
  year =         "2014"
} 

@article{Yardibi_nonparametric_IAA,
  author =       "T. Yardibi and J. Li and P. Stoica",
  title =        "Nonparametric and sparse signal representations in array processing via iterative adaptive approaches",
  journal =      "Signals, Systems and Computers, 42nd Asilomar Conference on. IEEE",
  pages =        "278--282",
  year =         "2008"
} 

@article{Du_parameter_free,
  author =       "L. Du and T. Yardibi and J. Li and P. Stoica",
  title =        "Review of user parameter-free robust adaptive beamforming algorithms",
  journal =      "Digital Signal Processing",
  volume =       "19",
  number =       "4",
  pages =        "567--582",
  year =         "2009"
} 

@article{Jensen_IAA,
  author =       "A.C. Jensen and A. Austeng",
  title =        "The iterative adaptive approach in medical ultrasound imaging",
  journal =      "Ultrasonics, Ferroelectrics, and Frequency Control, IEEE Transactions",
  volume =       "61",
  number =       "10",
  pages =        "1688--1697",
  year =         "2014",
  DOI =         "10.1109/TUFFC.2014.006478"
}


@article{Blood_flow,
  author =       "Ivor T. Gabe and James H. Gault and John Ross and Dean T. Mason and Christopher J. Mills and John P. Schillingford and Eugene Braunwald",
  title =        "Measurement of Instantaneous Blood Flow Velocity and Pressure in Conscious Man with a Catheter-Tip Velocity Probe",
  journal =      "Circulation",
  volume =       "40",
  number =       "5",
  pages =        "603--614",
  year =         "1969",
  DOI =         "10.1161/01.CIR.40.5.603"
}

@article{DAS,
  author =       "B.D. Van Veen and K.M. Buckley",
  title =        "Beamforming: A versatile approach to spatial filtering",
  journal =      "IEEE ASSP Magazine",
  volume =       "5",
  number =       "2",
  pages =        "4--24",
  year =         "1988",
  DOI =         "10.1109/TUFFC.2014.006478"
}

@article{Evans_spatial,
  author =       "J.E. Evans and J.R. Johnson and D.F. Sun",
  title =        "High resolution angular spectrum estimation techniques for terrain scattering analysis and angle of arrival estimation",
  journal =      "Proc. 1st ASSP Workshop Spectral Estimation",
  pages =        "134--139",
  year =         "1981"
}

@article{Capon,
  author =       "J. Capon",
  title =        "High-resolution frequency-wavenumber spectrum analysis",
  journal =      "Proc. IEEE",
  volume =       "57",
  number =       "8",
  pages =        "926--935",
  year =         "1969"
}

@article{GPU,
  author =       "J.P Åsen and J.I. Buskenes and C.-I Nilsen and A. Austeng and S. Holm",
  title =        "Implementing Capon Beamforming on the GPU for Real Time Cardiac Ultrasound Imaging",
  journal =      "IEEE International Ultrasonics Symposium Proceedings",
  year =         "2012",
  DOI =         "10.1109/ULTSYM.2012.0532"
}

@article{Ultrasound_propagation,
  author =       "J.C. Bamber and C.R. Hill",
  title =        "Ultrasonic attenuation and propagation speed in mammalian tissues as a function of temperature",
  journal =      "Ultrasound in Medicine and Biology",
  year =         "1979",
  volume =       "5",
  number =       "2",
  pages =        "149--157"
}

@book{Dudgeon_book,
  author =       "Don. H. Johnson and Dan E. Dudgeon",
  title =        "Array Signal Processing - Concept and Techniques",
  publisher =    "P T R Prentice Hall",
  year =         "1993"
}

@misc{Lithotripsy_old,
  title = "Lithotripsy definition",
  url = "https://www.medlineplus.gov/ency/article/007113.htm",
  year =        "2016"
}

@article{speckle,
  author =       "J.-F. Synnevåg and C.-I Nilsen and S. Holm",
  title =        "Speckle Statistics in Adaptive Beamforming",
  journal =      "IEEE International Ultrasonics Symposium Proceedings",
  year =         "2007",
  DOI =         "10.1109/ULTSYM.2007.389"
}

@article{fb_averaging,
  author =       "B. Mohammadzadeh and A. Mahloojifar",
  title =        "Contrast Enhancement and Robustness Improvement of Adaptive Ultrasound Imaging Using Forward-Backward Minimum Variance Beamforming",
  journal =      "Ultrasonics, Ferroelectrics, and Frequency Control, IEEE Transactions",
  year =         "2011",
  volume =       "48",
  number =       "4",
  pages =        "858--867",
  DOI =         "10.1109/TUFFC.2011.1880"
}

@conference{wright_compendium,
  author =       "J. Nelson Wright",
  title =        "Image Formation in Diagnostic Ultrasound",
  booktitle =      "IEEE International Ultrasonics Symposium",
  year =         "1997"
}

@phdthesis{knut_landmark,
  author =       "Knut Landmark",
  title =        "Machine learning and image processing methods for acoustic seafloor mapping and classification",
  school =       "Universitetet i Oslo",
  year =         "2016"
}

@article{doppler_ultrasound,
  author =       "D. L. Franklin and W. Schlegel and R. F. Rushmerr",
  title =        "Blood flow measured by Doppler frequency shift of backscattered ultrasound",
  journal =      "Science",
  year =         "1961",
  volume =       "134",
  pages =        "564--565"
}

@book{medical_physics,
  author =       "Jean Pope",
  title =        "Medical Physics: Imaging",
  publisher =    "Heinemann",
  year =         "1999"
}

@book{sonar,
  author =       "N. Z. Kolev",
  title =        "Sonar Systems",
  publisher =    "InTech",
  year =         "2011",
  DOI =         "10.5772/742"
}

@misc{wave_propagation,
  author = "GeoGebra",
  title = "Wave simulation with longitudinal and transverse waves",
  url = "https://www.geogebra.org/material/show/id/973439",
  year =        "2017"
}

@article{Field_II,
  author =       "J.A. Jensen",
  title =        "Field: A Program for Simulating Ultrasound Systems",
  journal =      "Medical and Biological Engineering and Computing",
  year =         "1996",
  volume =       "34",
  pages =        "351--353"
}

@article{Field_II_ext,
  author =       "J.A. Jensen and N. B. Svendsen",
  title =        "Calculation of pressure fields from arbitrarily shaped, apodized, and excited ultrasound transducers",
  journal =      "IEEE Transactions on Ultrasonics, Ferroelectrics, and Frequency Control",
  year =         "1992",
  volume =       "39",
  pages =        "262--267",
  DOI =         "10.1109/58.139123"
}


@article{multiline,
  author =       "A. Rabinovich and Z. Friedman and A. Feuer",
  title =        "Multi-line acquisition with minimum variance beamforming in medical ultrasound imaging",
  journal =      "IEEE Transactions on Ultrasonics, Ferroelectrics, and Frequency Control",
  year =         "2013",
  volume =       "60",
  pages =        "2521--2531",
  DOI =         "10.1109/TUFFC.2013.2851"
}

@article{blackman,
  author =       "F. J. Harris",
  title =        "On the use of windows for harmonic analysis with the discrete Fourier transform",
  journal =      "Proceedings of the IEEE",
  year =         "1978",
  volume =       "66",
  pages =        "51--83",
  DOI =         "10.1109/PROC.1978.10837"
}

@article{spatial_smoothing,
  author =       "Tie-Jun Shan and M. Wax and T. Kailath",
  title =        "On spatial smoothing for direction-of-arrival estimation of coherent signals",
  journal =      "IEEE Transactions on Acoustics, Speech, and Signal Processing",
  year =         "1985",
  volume =       "33",
  pages =        "806--811",
  DOI =         "10.1109/TASSP.1985.1164649"
}

@article{prb_approaches,
  author =       "T. Hergum and T. Bjastad and K. Kristoffersen and H. Torp",
  title =        "Parallel beamforming using synthetic transmit beams",
  journal =      "IEEE Transactions on Ultrasonics, Ferroelectrics, and Frequency Control",
  year =         "2007",
  volume =       "54",
  pages =        "271--280",
  DOI =         "10.1109/TUFFC.2007.241"
}

@article{lithotripsy,
  author =       "N.G. Holmer and L.O. Almquist and T.G. Hertz and A. Holm and E. Lindstedt and H.W. Persson and C.H. Hertz",
  title =        "On the mechanism of kidney stone disintegration by acoustic shock waves",
  journal =      "Ultrasound in Medicine and Biology",
  year =         "1991",
  volume =       "17",
  pages =        "479--489",
  DOI =         "10.1016/0301-5629(91)90184-X"
}


@book{van_trees,
  author =       "Harry L. Van Trees",
  title =        "Optimum Array Processing",
  publisher =    "John Wiley \& Sons",
  year =         "2002"
}

